<?xml version="1.0" encoding="UTF-8"?><collection xmlns="http://www.loc.gov/MARC21/slim"><record><leader>00385nam--2200133-i-4500</leader><controlfield tag="001">000024431</controlfield><controlfield tag="002">20161230</controlfield><controlfield tag="005">20161230201035</controlfield><controlfield tag="008">060222s1000------------r-----000-0-eng-d</controlfield><datafield ind1=" " ind2=" " tag="080"><subfield code="a">621.313.33:537.811</subfield></datafield><datafield ind1=" " ind2=" " tag="100"><subfield code="a">Hamata, Vaclac., Heller, Bedrich</subfield></datafield><datafield ind1=" " ind2=" " tag="245"><subfield code="a">Harmonic field effects in induction mechines</subfield></datafield><datafield ind1=" " ind2=" " tag="260"><subfield code="a">Prague, Czechoslovak Academy Of Sciences,1977. 330 P</subfield></datafield><datafield ind1=" " ind2=" " tag="852"><subfield code="a">76154</subfield></datafield></record></collection>